<record><leader>00000cas a22000007a 4500</leader><controlfield tag="001">14236539</controlfield><controlfield tag="008">860919d193u19uutxuwr ne      0    0eng d</controlfield><datafield ind1=" " ind2=" " tag="010"><subfield code="a">sn 86089265 </subfield></datafield><datafield ind1=" " ind2=" " tag="040"><subfield code="a">PPM</subfield><subfield code="b">eng</subfield><subfield code="c">PPM</subfield><subfield code="d">OCLCQ</subfield></datafield><datafield ind1=" " ind2=" " tag="042"><subfield code="a">msc</subfield></datafield><datafield ind1="0" ind2="0" tag="245"><subfield code="a">Refugio timely remarks and Refugio County news.</subfield></datafield><datafield ind1="3" ind2="0" tag="246"><subfield code="a">Timely remarks</subfield></datafield><datafield ind1=" " ind2=" " tag="260"><subfield code="a">Refugio, Tex. :</subfield><subfield code="b">J.L. Jones</subfield></datafield><datafield ind1=" " ind2=" " tag="300"><subfield code="a">v. :</subfield><subfield code="b">ill. ;</subfield><subfield code="c">55 cm.</subfield></datafield><datafield ind1=" " ind2=" " tag="310"><subfield code="a">Weekly</subfield></datafield><datafield ind1=" " ind2=" " tag="588"><subfield code="a">Description based on: Vol. 6, no. 2 (Nov. 3, 1933).</subfield></datafield><datafield ind1=" " ind2=" " tag="752"><subfield code="a">United States</subfield><subfield code="b">Texas</subfield><subfield code="c">Refugio</subfield><subfield code="d">Refugio.</subfield></datafield><datafield ind1="0" ind2="0" tag="780"><subfield code="t">Woodsboro weekly times</subfield><subfield code="w">(DLC)sn 86090367</subfield></datafield></record>